@inproceedings{chiou2007fpga,
  title        = {Fpga-accelerated simulation technologies (fast): Fast, full-system, cycle-accurate simulators},
  author       = {Chiou, Derek and Sunwoo, Dam and Kim, Joonsoo and Patil, Nikhil A and Reinhart, William and Johnson, Darrel Eric and Keefe, Jebediah and Angepat, Hari},
  booktitle    = {40th Annual IEEE/ACM International Symposium on Microarchitecture (MICRO 2007)},
  pages        = {249--261},
  year         = {2007},
  organization = {IEEE}
}
@inproceedings{miller2010graphite,
  title        = {Graphite: A distributed parallel simulator for multicores},
  author       = {Miller, Jason E and Kasture, Harshad and Kurian, George and Gruenwald, Charles and Beckmann, Nathan and Celio, Christopher and Eastep, Jonathan and Agarwal, Anant},
  booktitle    = {HPCA-16 2010 The Sixteenth International Symposium on High-Performance Computer Architecture},
  pages        = {1--12},
  year         = {2010},
  organization = {IEEE}
}
@inproceedings{joseph2006construction,
  title        = {Construction and use of linear regression models for processor performance analysis},
  author       = {Joseph, PJ and Vaswani, Kapil and Thazhuthaveetil, Matthew J},
  booktitle    = {The Twelfth International Symposium on High-Performance Computer Architecture, 2006.},
  pages        = {99--108},
  year         = {2006},
  organization = {IEEE}
}
@article{ipek2006efficiently,
  title     = {Efficiently exploring architectural design spaces via predictive modeling},
  author    = {{\"I}pek, Engin and McKee, Sally A and Caruana, Rich and de Supinski, Bronis R and Schulz, Martin},
  journal   = {ACM SIGOPS Operating Systems Review},
  volume    = {40},
  number    = {5},
  pages     = {195--206},
  year      = {2006},
  publisher = {ACM New York, NY, USA}
}
@article{chen2014archranker,
  title     = {Archranker: A ranking approach to design space exploration},
  author    = {Chen, Tianshi and Guo, Qi and Tang, Ke and Temam, Olivier and Xu, Zhiwei and Zhou, Zhi-Hua and Chen, Yunji},
  journal   = {ACM SIGARCH Computer Architecture News},
  volume    = {42},
  number    = {3},
  pages     = {85--96},
  year      = {2014},
  publisher = {ACM New York, NY, USA}
}
@inproceedings{lee2014rpstacks,
  title        = {Rpstacks: Fast and accurate processor design space exploration using representative stall-event stacks},
  author       = {Lee, Jaewon and Jang, Hanhwi and Kim, Jangwoo},
  booktitle    = {2014 47th Annual IEEE/ACM International Symposium on Microarchitecture},
  pages        = {255--267},
  year         = {2014},
  organization = {IEEE}
}
@article{binkert2011gem5,
  title     = {The gem5 simulator},
  author    = {Binkert, Nathan and Beckmann, Bradford and Black, Gabriel and Reinhardt, Steven K and Saidi, Ali and Basu, Arkaprava and Hestness, Joel and Hower, Derek R and Krishna, Tushar and Sardashti, Somayeh and others},
  journal   = {ACM SIGARCH computer architecture news},
  volume    = {39},
  number    = {2},
  pages     = {1--7},
  year      = {2011},
  publisher = {ACM New York, NY, USA}
}
@article{eyerman2006performance,
  title     = {A performance counter architecture for computing accurate CPI components},
  author    = {Eyerman, Stijn and Eeckhout, Lieven and Karkhanis, Tejas and Smith, James E},
  journal   = {ACM SIGPLAN Notices},
  volume    = {41},
  number    = {11},
  pages     = {175--184},
  year      = {2006},
  publisher = {ACM New York, NY, USA}
}

@article{eyerman2017multi,
  title     = {Multi-stage CPI stacks},
  author    = {Eyerman, Stijn and Heirman, Wim and Du Bois, Kristof and Hur, Ibrahim},
  journal   = {IEEE Computer Architecture Letters},
  volume    = {17},
  number    = {1},
  pages     = {55--58},
  year      = {2017},
  publisher = {IEEE}
}

@inproceedings{bera2021pythia,
  title     = {Pythia: A customizable hardware prefetching framework using online reinforcement learning},
  author    = {Bera, Rahul and Kanellopoulos, Konstantinos and Nori, Anant and Shahroodi, Taha and Subramoney, Sreenivas and Mutlu, Onur},
  booktitle = {MICRO-54: 54th Annual IEEE/ACM International Symposium on Microarchitecture},
  pages     = {1121--1137},
  year      = {2021}
}

@article{gober2022championship,
  title   = {The Championship Simulator: Architectural Simulation for Education and Competition},
  author  = {Gober, Nathan and Chacon, Gino and Wang, Lei and Gratz, Paul V and Jimenez, Daniel A and Teran, Elvira and Pugsley, Seth and Kim, Jinchun},
  journal = {arXiv preprint arXiv:2210.14324},
  year    = {2022}
}

@article{bray2014javascript,
  title  = {The javascript object notation (json) data interchange format},
  author = {Bray, Tim},
  year   = {2014}
}

@book{окулов2014дискретная,
  title     = {Дискретная математика. Теория и практика решения задач по информатике},
  author    = {Окулов, Станислав},
  year      = {2014},
  publisher = {Litres}
}

@book{seal2001arm,
  title     = {ARM architecture reference manual},
  author    = {Seal, David},
  year      = {2001},
  publisher = {Pearson Education}
}

@inproceedings{carlson2011sniper,
  title     = {Sniper: Exploring the level of abstraction for scalable and accurate parallel multi-core simulation},
  author    = {Carlson, Trevor E and Heirman, Wim and Eeckhout, Lieven},
  booktitle = {Proceedings of 2011 International Conference for High Performance Computing, Networking, Storage and Analysis},
  pages     = {1--12},
  year      = {2011}
}

@article{stone1978cross,
  title     = {Cross-validation: A review},
  author    = {Stone, Mervyn},
  journal   = {Statistics: A Journal of Theoretical and Applied Statistics},
  volume    = {9},
  number    = {1},
  pages     = {127--139},
  year      = {1978},
  publisher = {Taylor \& Francis}
}

@article{dubach2010empirical,
  title     = {An empirical architecture-centric approach to microarchitectural design space exploration},
  author    = {Dubach, Christophe and Jones, Timothy M and O'Boyle, Michael FP},
  journal   = {IEEE Transactions on Computers},
  volume    = {60},
  number    = {10},
  pages     = {1445--1458},
  year      = {2010},
  publisher = {IEEE}
}

@article{brownlee2017one,
  title   = {Why one-hot encode data in machine learning},
  author  = {Brownlee, Jason},
  journal = {Machine Learning Mastery},
  pages   = {1--46},
  year    = {2017}
}

@article{han2012data,
  title   = {Data mining concepts and techniques third edition},
  author  = {Han, Jiawei and Kamber, Micheline and Pei, Jian},
  journal = {University of Illinois at Urbana-Champaign Micheline Kamber Jian Pei Simon Fraser University},
  year    = {2012}
}
